<record><leader>00000cas a22000007a 4500</leader><controlfield tag="001">15247647</controlfield><controlfield tag="008">870227d19531960paucr ne      0    0eng d</controlfield><datafield ind1=" " ind2=" " tag="010"><subfield code="a">sn 88079379 </subfield></datafield><datafield ind1=" " ind2=" " tag="040"><subfield code="a">NPH</subfield><subfield code="b">eng</subfield><subfield code="c">NPH</subfield><subfield code="d">OCLCQ</subfield></datafield><datafield ind1=" " ind2=" " tag="042"><subfield code="a">msc</subfield></datafield><datafield ind1="0" ind2="4" tag="245"><subfield code="a">The Warren observer.</subfield></datafield><datafield ind1="3" ind2="0" tag="246"><subfield code="a">Observer</subfield></datafield><datafield ind1=" " ind2=" " tag="260"><subfield code="a">[Warren, Pa.] :</subfield><subfield code="b">Warren Print. Co.,</subfield><subfield code="c">1953-1960.</subfield></datafield><datafield ind1=" " ind2=" " tag="300"><subfield code="a">v. :</subfield><subfield code="b">ill.</subfield></datafield><datafield ind1=" " ind2=" " tag="310"><subfield code="a">Semiweekly,</subfield><subfield code="b">Oct. 14, 1959-Nov. 11, 1960</subfield></datafield><datafield ind1=" " ind2=" " tag="321"><subfield code="a">Weekly,</subfield><subfield code="b">&lt;1953-Oct. 8, 1959&gt;</subfield></datafield><datafield ind1="0" ind2=" " tag="362"><subfield code="a">Vol. 5, no. 9 (Feb. 12, 1953)-v. 12, no. 96 (Nov. 11, 1960).</subfield></datafield><datafield ind1=" " ind2=" " tag="752"><subfield code="a">United States</subfield><subfield code="b">Pennsylvania</subfield><subfield code="c">Warren</subfield><subfield code="d">Warren.</subfield></datafield><datafield ind1="0" ind2="0" tag="780"><subfield code="t">Warren news (Warren, Pa.)</subfield><subfield code="w">(DLC)sn 87078386</subfield></datafield><datafield ind1="0" ind2="0" tag="785"><subfield code="t">Warren County observer</subfield><subfield code="w">(DLC)sn 88079380</subfield></datafield></record>